@article{Grillner2016BG,
  title={The basal ganglia over 500 million years},
  author={Grillner, Sten and Robertson, Brita},
  journal={Current Biology},
  volume={26},
  number={20},
  pages={R1088--R1100},
  year={2016},
  publisher={Elsevier}
}
@article{Mink1996,
  title={The basal ganglia: focused selection and inhibition of competing motor programs},
  author={Mink, Jonathan W},
  journal={Progress in neurobiology},
  volume={50},
  number={4},
  pages={381--425},
  year={1996},
  publisher={Elsevier}
}
@incollection{TURNER2000BasalFunction,
    title = {Basal ganglia function},
    year = {2000},
    booktitle = {Journal of anatomy},
    publisher = {Journal of anatomy},
    author = {Turner, Robert S. and Pasquereau, Benjamin},
    pages = {543--554},
    volume = {196 ( Pt 4},
    issn = {0021-8782},
    pmid = {10923986},
}
@book{KandelBook2001,
  title={Principles of neural science},
  author={Kandel, Eric R and Schwartz, James H and Jessell, Thomas M and Department of Biochemistry and Molecular Biophysics Thomas Jessell and Siegelbaum, Steven and Hudspeth, AJ},
  volume={4},
  year={2000},
  publisher={McGraw-hill New York}
}
@article{Wilson2007GABAergicNeostriatum,
  title={GABAergic inhibition in the neostriatum},
  author={Wilson, Charles J},
  journal={Progress in brain research},
  volume={160},
  pages={91--110},
  year={2007},
  publisher={Elsevier}
}
@article{Gage2010FSI,
  title={Selective activation of striatal fast-spiking interneurons during choice execution},
  author={Gage, Gregory J and Stoetzner, Colin R and Wiltschko, Alexander B and Berke, Joshua D},
  journal={Neuron},
  volume={67},
  number={3},
  pages={466--479},
  year={2010},
  publisher={Elsevier}
}
@article{Balsam2009Map,
  title={Temporal maps and informativeness in associative learning},
  author={Balsam, Peter D and Gallistel, C Randy},
  journal={Trends in neurosciences},
  volume={32},
  number={2},
  pages={73--78},
  year={2009},
  publisher={Elsevier}
}
@article{Gibbon1977,
  title={Scalar expectancy theory and Weber's law in animal timing.},
  author={Gibbon, John},
  journal={Psychological review},
  volume={84},
  number={3},
  pages={279},
  year={1977},
  publisher={American Psychological Association}
}
@article{Gouvea2015Elife,
  title={Striatal dynamics explain duration judgments},
  author={Gouv{\^e}a, Thiago S and Monteiro, Tiago and Motiwala, Asma and Soares, Sofia and Machens, Christian and Paton, Joseph J},
  journal={Elife},
  volume={4},
  pages={e11386},
  year={2015},
  publisher={eLife Sciences Publications Limited}
}
@article{Simen2011JNeuro,
  title={A model of interval timing by neural integration},
  author={Simen, Patrick and Balci, Fuat and deSouza, Laura and Cohen, Jonathan D and Holmes, Philip},
  journal={Journal of Neuroscience},
  volume={31},
  number={25},
  pages={9238--9253},
  year={2011},
  publisher={Soc Neuroscience}
}
@article{Hinton2004,
  title={Frontal--striatal circuitry activated by human peak-interval timing in the supra-seconds range},
  author={Hinton, Sean C and Meck, Warren H},
  journal={Cognitive Brain Research},
  volume={21},
  number={2},
  pages={171--182},
  year={2004},
  publisher={Elsevier}
}
@article{JazayeriNN2018,
  title={Flexible timing by temporal scaling of cortical responses},
  author={Wang, Jing and Narain, Devika and Hosseini, Eghbal A and Jazayeri, Mehrdad},
  journal={Nature neuroscience},
  volume={21},
  number={1},
  pages={102},
  year={2018},
  publisher={Nature Publishing Group}
}
@article{DUYSENS1996,
  title={Cortical off response tuning for stimulus duration},
  author={Duysens, Jaak and Schaafsma, SJ and Orban, GA},
  journal={Vision research},
  volume={36},
  number={20},
  pages={3243--3251},
  year={1996},
  publisher={Elsevier}
}
@article{Bakhurin2017JNeuro,
  title={Differential encoding of time by prefrontal and striatal network dynamics},
  author={Bakhurin, Konstantin I and Goudar, Vishwa and Shobe, Justin L and Claar, Leslie D and Buonomano, Dean V and Masmanidis, Sotiris C},
  journal={Journal of Neuroscience},
  volume={37},
  number={4},
  pages={854--870},
  year={2017},
  publisher={Soc Neuroscience}
}
@article{Buzsaki2017SciRev,
  title={Space and time in the brain},
  author={Buzs{\'a}ki, Gy{\"o}rgy and Llin{\'a}s, Rodolfo},
  journal={Science},
  volume={358},
  number={6362},
  pages={482--485},
  year={2017},
  publisher={American Association for the Advancement of Science}
}
@article{Effron2006Emotion,
  title={Embodied temporal perception of emotion.},
  author={Effron, Daniel A and Niedenthal, Paula M and Gil, Sandrine and Droit-Volet, Sylvie},
  journal={Emotion},
  volume={6},
  number={1},
  pages={1},
  year={2006},
  publisher={American Psychological Association}
}
@article{Nobre2018NatRevNeurosci,
  title={Anticipated moments: temporal structure in attention},
  author={Nobre, Anna C and van Ede, Freek},
  journal={Nature Reviews Neuroscience},
  volume={19},
  number={1},
  pages={34},
  year={2018},
  publisher={Nature Publishing Group}
}
@article{Paton2018NeuronRev,
  title={The neural basis of timing: distributed mechanisms for diverse functions},
  author={Paton, Joseph J and Buonomano, Dean V},
  journal={Neuron},
  volume={98},
  number={4},
  pages={687--705},
  year={2018},
  publisher={Elsevier}
}
@article{Miali1989NeuComp,
  title={The storage of time intervals using oscillating neurons},
  author={Miall, Christopher},
  journal={Neural Computation},
  volume={1},
  number={3},
  pages={359--371},
  year={1989},
  publisher={MIT Press}
}
@article{Wittmann2013NatRevNeurosci,
  title={The inner sense of time: how the brain creates a representation of duration},
  author={Wittmann, Marc},
  journal={Nature Reviews Neuroscience},
  volume={14},
  number={3},
  pages={217},
  year={2013},
  publisher={Nature Publishing Group}
}
@article{Kacelnik2002,
  title={Timing and foraging: Gibbon's scalar expectancy theory and optimal patch exploitation},
  author={Kacelnik, Alex and Brunner, Dani},
  journal={Learning and Motivation},
  volume={33},
  number={1},
  pages={177--195},
  year={2002},
  publisher={Elsevier}
}
@article{Gallistel2004,
  title={Sources of variability and systematic error in mouse timing behavior.},
  author={Gallistel, CR and King, Adam and McDonald, Robert},
  journal={Journal of Experimental Psychology: Animal Behavior Processes},
  volume={30},
  number={1},
  pages={3},
  year={2004},
  publisher={American Psychological Association}
}
@article{Rakitin1998,
  title={Scalar expectancy theory and peak-interval timing in humans.},
  author={Rakitin, Brian C and Gibbon, John and Penney, Trevor B and Malapani, Chara and Hinton, Sean C and Meck, Warren H},
  journal={Journal of Experimental Psychology: Animal Behavior Processes},
  volume={24},
  number={1},
  pages={15},
  year={1998},
  publisher={American Psychological Association}
}
@article{Buhusi2005NatRevNeuro,
  title={What makes us tick? Functional and neural mechanisms of interval timing},
  author={Buhusi, Catalin V and Meck, Warren H},
  journal={Nature reviews neuroscience},
  volume={6},
  number={10},
  pages={755},
  year={2005},
  publisher={Nature Publishing Group}
}
@article{Emmons2017JNeuro,
  title={Rodent medial frontal control of temporal processing in the dorsomedial striatum},
  author={Emmons, Eric B and De Corte, Benjamin J and Kim, Youngcho and Parker, Krystal L and Matell, Matthew S and Narayanan, Nandakumar S},
  journal={Journal of Neuroscience},
  volume={37},
  number={36},
  pages={8718--8733},
  year={2017},
  publisher={Soc Neuroscience}
}
@article{Merchant2011PNAS,
title={Measuring time with different neural chronometers during a synchronization-continuation task},
author={Merchant, Hugo and Zarco, Wilbert and P{\'e}rez, Oswaldo and Prado, Luis and Bartolo, Ram{\'o}n},
journal={Proceedings of the National Academy of Sciences},
volume={108},
number={49},
pages={19784--19789},
year={2011},
publisher={National Acad Sciences},
doi = {10.1073/pnas.1112933108}
}
@article{MoserNature2018,
  title={Integrating time from experience in the lateral entorhinal cortex},
  author={Tsao, Albert and Sugar, J{\o}rgen and Lu, Li and Wang, Cheng and Knierim, James J and Moser, May-Britt and Moser, Edvard I},
  journal={Nature},
  volume={561},
  number={7721},
  pages={57},
  year={2018},
  publisher={Nature Publishing Group}
}
@article{Paton2016Sci,
  title={Midbrain dopamine neurons control judgment of time},
  author={Soares, Sofia and Atallah, Bassam V and Paton, Joseph J},
  journal={Science},
  volume={354},
  number={6317},
  pages={1273--1277},
  year={2016},
  publisher={American Association for the Advancement of Science}
}
@article{Coull2004Sci,
  title={Functional anatomy of the attentional modulation of time estimation},
  author={Coull, Jennifer T and Vidal, Franck and Nazarian, Bruno and Macar, Francoise},
  journal={Science},
  volume={303},
  number={5663},
  pages={1506--1508},
  year={2004},
  publisher={American Association for the Advancement of Science}
}
@article{Pariyadath2007Plos,
  title={The effect of predictability on subjective duration},
  author={Pariyadath, Vani and Eagleman, David},
  journal={PloS one},
  volume={2},
  number={11},
  pages={e1264},
  year={2007},
  publisher={Public Library of Science}
}
@article{VoletRev2013,
  title={Time, emotion and the embodiment of timing},
  author={Droit-Volet, Sylvie and Fayolle, Sophie and Lamotte, Mathilde and Gil, Sandrine},
  journal={Timing \& Time Perception},
  volume={1},
  number={1},
  pages={99--126},
  year={2013},
  publisher={Brill}
}
@article{Gouvea2014,
  title={Ongoing behavior predicts perceptual report of interval duration},
  author={Gouv{\^e}a, Thiago S and Monteiro, Tiago and Soares, Sofia and Atallah, Bassam V and Paton, Joseph J},
  journal={Frontiers in neurorobotics},
  volume={8},
  pages={10},
  year={2014},
  publisher={Frontiers}
}
@article{Kawai2015,
  title={Motor cortex is required for learning but not for executing a motor skill},
  author={Kawai, Risa and Markman, Timothy and Poddar, Rajesh and Ko, Raymond and Fantana, Antoniu L and Dhawale, Ashesh K and Kampff, Adam R and {\"O}lveczky, Bence P},
  journal={Neuron},
  volume={86},
  number={3},
  pages={800--812},
  year={2015},
  publisher={Elsevier}
}
@article{Fujisawa2008NN,
  title={Behavior-dependent short-term assembly dynamics in the medial prefrontal cortex},
  author={Fujisawa, Shigeyoshi and Amarasingham, Asohan and Harrison, Matthew T and Buzs{\'a}ki, Gy{\"o}rgy},
  journal={Nature neuroscience},
  volume={11},
  number={7},
  pages={823},
  year={2008},
  publisher={Nature Publishing Group}
}
@book{RLbookSutton,
author = {Sutton, Richard S and Barto, Andrew G},
isbn = {0262039249 9780262039246},
publisher = {MIT press},
title = {Reinforcement learning: An introduction},
year = {2018}
}
@article{mauk2004neural,
  title={The neural basis of temporal processing},
  author={Mauk, Michael D and Buonomano, Dean V},
  journal={Annu. Rev. Neurosci.},
  volume={27},
  pages={307--340},
  year={2004},
  publisher={Annual Reviews}
}
@article{wiener2010image,
  title={The image of time: a voxel-wise meta-analysis},
  author={Wiener, Martin and Turkeltaub, Peter and Coslett, H Branch},
  journal={Neuroimage},
  volume={49},
  number={2},
  pages={1728--1740},
  year={2010},
  publisher={Elsevier}
}
@article{Zhou2010,
  title={Successive-signal biasing for a learned sound sequence},
  author={Zhou, Xiaoming and de Villers-Sidani, {\'E}tienne and Panizzutti, Rogerio and Merzenich, Michael M},
  journal={Proceedings of the National Academy of Sciences},
  volume={107},
  number={33},
  pages={14839--14844},
  year={2010},
  publisher={National Acad Sciences}
}
@article{johansson2014PNAS,
  title={Memory trace and timing mechanism localized to cerebellar Purkinje cells},
  author={Johansson, Fredrik and Jirenhed, Dan-Anders and Rasmussen, Anders and Zucca, Riccardo and Hesslow, Germund},
  journal={Proceedings of the National Academy of Sciences},
  volume={111},
  number={41},
  pages={14930--14934},
  year={2014},
  publisher={National Acad Sciences}
}
@article{Coull2018,
  title={Explicit understanding of duration develops implicitly through action},
  author={Coull, Jennifer T and Droit-Volet, Sylvie},
  journal={Trends in cognitive sciences},
  volume={22},
  number={10},
  pages={923--937},
  year={2018},
  publisher={Elsevier}
}
@article{Rueda2015NN,
  title={The striatum multiplexes contextual and kinematic information to constrain motor habits execution},
  author={Rueda-Orozco, Pavel E and Robbe, David},
  journal={Nature neuroscience},
  volume={18},
  number={3},
  pages={453},
  year={2015},
  publisher={Nature Publishing Group}
}
@article{Simen2016Sci,
  title={Why does time seem to fly when we're having fun?},
  author={Simen, Patrick and Matell, Matthew},
  journal={science},
  volume={354},
  number={6317},
  pages={1231--1232},
  year={2016},
  publisher={American Association for the Advancement of Science}
}
@article{li2013PNAS,
  title={Mice infer probabilistic models for timing},
  author={Li, Yi and Dudman, Joshua Tate},
  journal={Proceedings of the National Academy of Sciences},
  volume={110},
  number={42},
  pages={17154--17159},
  year={2013},
  publisher={National Acad Sciences}
}
@article{Grillner2015,
  title={The basal ganglia downstream control of brainstem motor centres—an evolutionarily conserved strategy},
  author={Grillner, Sten and Robertson, Brita},
  journal={Current opinion in neurobiology},
  volume={33},
  pages={47--52},
  year={2015},
  publisher={Elsevier}
}
@article{Petter2018,
  title={Integrating models of interval timing and reinforcement learning},
  author={Petter, Elijah A and Gershman, Samuel J and Meck, Warren H},
  journal={Trends in cognitive sciences},
  volume={22},
  number={10},
  pages={911--922},
  year={2018},
  publisher={Elsevier}
}
@article{teki2011,
  title={Distinct neural substrates of duration-based and beat-based auditory timing},
  author={Teki, Sundeep and Grube, Manon and Kumar, Sukhbinder and Griffiths, Timothy D},
  journal={Journal of Neuroscience},
  volume={31},
  number={10},
  pages={3805--3812},
  year={2011},
  publisher={Soc Neuroscience}
}
@article{Rao2001,
  title={The evolution of brain activation during temporal processing},
  author={Rao, Stephen M and Mayer, Andrew R and Harrington, Deborah L},
  journal={Nature neuroscience},
  volume={4},
  number={3},
  pages={317},
  year={2001},
  publisher={Nature Publishing Group}
}
@article{Pouthas2005,
  title={Neural network involved in time perception: an fMRI study comparing long and short interval estimation},
  author={Pouthas, Viviane and George, Nathalie and Poline, Jean-Baptiste and Pfeuty, Micha and VandeMoorteele, Pierre-Fran{\c{c}}ois and Hugueville, Laurent and Ferrandez, Anne-Marie and Leh{\'e}ricy, St{\'e}phane and LeBihan, Denis and Renault, Bernard},
  journal={Human brain mapping},
  volume={25},
  number={4},
  pages={433--441},
  year={2005},
  publisher={Wiley Online Library}
}
@article{Matell2003,
  title={Interval timing and the encoding of signal duration by ensembles of cortical and striatal neurons},
  author={Matell, Matthew S and Meck, Warren H and Nicolelis, Miguel AL},
  journal={Behavioral neuroscience},
  volume={117},
  number={4},
  pages={760},
  year={2003},
  publisher={American Psychological Association}
}
@article{Mello2015,
  title={A scalable population code for time in the striatum},
  author={Mello, Gustavo BM and Soares, Sofia and Paton, Joseph J},
  journal={Current Biology},
  volume={25},
  number={9},
  pages={1113--1122},
  year={2015},
  publisher={Elsevier}
}
@article{DeCorte2019,
  title={Striatal dopamine and the temporal control of behavior},
  author={De Corte, Benjamin J and Wagner, Lucia M and Matell, Matthew S and Narayanan, Nandakumar S},
  journal={Behavioural brain research},
  volume={356},
  pages={375--379},
  year={2019},
  publisher={Elsevier}
}
@article{Berke2018NN,
  title={What does dopamine mean?},
  author={Berke, Joshua D},
  journal={Nature neuroscience},
  volume={21},
  number={6},
  pages={787},
  year={2018},
  publisher={Nature Publishing Group}
}
@article{Takahashi2016,
  title={Temporal specificity of reward prediction errors signaled by putative dopamine neurons in rat VTA depends on ventral striatum},
  author={Takahashi, Yuji K and Langdon, Angela J and Niv, Yael and Schoenbaum, Geoffrey},
  journal={Neuron},
  volume={91},
  number={1},
  pages={182--193},
  year={2016},
  publisher={Elsevier}
}
@article{Howard2017,
  title={Dynamic nigrostriatal dopamine biases action selection},
  author={Howard, Christopher D and Li, Hao and Geddes, Claire E and Jin, Xin},
  journal={Neuron},
  volume={93},
  number={6},
  pages={1436--1450},
  year={2017},
  publisher={Elsevier}
}
@article{Snowden2019,
  title={Neural Correlates of Interval Timing Deficits in Schizophrenia},
  author={Snowden, Ariel W and Buhusi, Catalin V},
  journal={Frontiers in human neuroscience},
  volume={13},
  year={2019},
  publisher={Frontiers Media SA}
}
@article{Dankner2017,
  title={Prestimulus inhibition of saccades in adults with and without attention-deficit/hyperactivity disorder as an index of temporal expectations},
  author={Dankner, Yarden and Shalev, Lilach and Carrasco, Marisa and Yuval-Greenberg, Shlomit},
  journal={Psychological Science},
  volume={28},
  number={7},
  pages={835--850},
  year={2017},
  publisher={Sage Publications Sage CA: Los Angeles, CA}
}
@article{Cope2014,
  title={The basal ganglia in perceptual timing: timing performance in Multiple System Atrophy and Huntington's disease},
  author={Cope, Thomas E and Grube, Manon and Singh, Baldev and Burn, David J and Griffiths, Timothy D},
  journal={Neuropsychologia},
  volume={52},
  pages={73--81},
  year={2014},
  publisher={Elsevier}
}
@article{Harrington1998,
  title={Temporal processing in the basal ganglia.},
  author={Harrington, Deborah L and Haaland, Kathleen Y and Hermanowitz, Neal},
  journal={Neuropsychology},
  volume={12},
  number={1},
  pages={3},
  year={1998},
  publisher={American Psychological Association}
}
@article{Dalla2017,
  title={Gait improvement via rhythmic stimulation in Parkinson’s disease is linked to rhythmic skills},
  author={Dalla Bella, Simone and Benoit, Charles-Etienne and Farrugia, Nicolas and Keller, Peter E and Obrig, Hellmuth and Mainka, Stefan and Kotz, Sonja A},
  journal={Scientific reports},
  volume={7},
  pages={42005},
  year={2017},
  publisher={Nature Publishing Group}
}
@book{Gallistel1990book,
  title={The organization of learning.},
  author={Gallistel, Charles R},
  year={1990},
  publisher={The MIT Press}
}
@article{Lejeune1991LearnMotiv,
  title={The comparative psychology of fixed-interval responding: Some quantitative analyses},
  author={Lejeune, Helga and Wearden, JH},
  journal={Learning and Motivation},
  volume={22},
  number={1-2},
  pages={84--111},
  year={1991},
  publisher={Elsevier}
}
@article{Whitaker2003JExpPsy,
  title={Multiple-interval timing in rats: Performance on two-valued mixed fixed-interval schedules},
  author={Whitaker, Simon and Lowe, CF and Wearden, JH},
  journal={Journal of Experimental Psychology: Animal Behavior Processes},
  volume={29},
  number={4},
  pages={277},
  year={2003},
  publisher={American Psychological Association}
}
@article{Zarco2009JNeurophys,
  title={Subsecond timing in primates: comparison of interval production between human subjects and rhesus monkeys},
  author={Zarco, Wilbert and Merchant, Hugo and Prado, Luis and Mendez, Juan Carlos},
  journal={Journal of neurophysiology},
  volume={102},
  number={6},
  pages={3191--3202},
  year={2009},
  publisher={American Physiological Society Bethesda, MD}
}
@article{Droit2007TICS,
  title={How emotions colour our perception of time},
  author={Droit-Volet, Sylvie and Meck, Warren H},
  journal={Trends in cognitive sciences},
  volume={11},
  number={12},
  pages={504--513},
  year={2007},
  publisher={Elsevier}
}
@article{Gable2012PsychSci,
  title={Time flies when you’re having approach-motivated fun: Effects of motivational intensity on time perception},
  author={Gable, Philip A and Poole, Bryan D},
  journal={Psychological science},
  volume={23},
  number={8},
  pages={879--886},
  year={2012},
  publisher={Sage Publications Sage CA: Los Angeles, CA}
}
@book{Pfeifer2006Book,
  title={How the body shapes the way we think: a new view of intelligence},
  author={Pfeifer, Rolf and Bongard, Josh},
  year={2006},
  publisher={MIT press}
}
@article{Nunez2013TICS,
  title={The tangle of space and time in human cognition},
  author={N{\'u}{\~n}ez, Rafael and Cooperrider, Kensy},
  journal={Trends in cognitive sciences},
  volume={17},
  number={5},
  pages={220--229},
  year={2013},
  publisher={Elsevier}
}
@article{Winter2015Cortex,
  title={Of magnitudes and metaphors: Explaining cognitive interactions between space, time, and number},
  author={Winter, Bodo and Marghetis, Tyler and Matlock, Teenie},
  journal={Cortex},
  volume={64},
  pages={209--224},
  year={2015},
  publisher={Elsevier}
}
@article{gibbon1984AnnalsNYAS,
  title={Scalar timing in memory},
  author={Gibbon, John and Church, Russell M and Meck, Warren H and others},
  journal={Annals of the New York Academy of sciences},
  volume={423},
  number={1},
  pages={52--77},
  year={1984}
}
@article{Karmarkar2007Neuron,
  title={Timing in the absence of clocks: encoding time in neural network states},
  author={Karmarkar, Uma R and Buonomano, Dean V},
  journal={Neuron},
  volume={53},
  number={3},
  pages={427--438},
  year={2007},
  publisher={Elsevier}
}
@article{Matell2004CogBrainRes,
  title={Cortico-striatal circuits and interval timing: coincidence detection of oscillatory processes},
  author={Matell, Matthew S and Meck, Warren H},
  journal={Cognitive brain research},
  volume={21},
  number={2},
  pages={139--170},
  year={2004},
  publisher={Elsevier}
}
@article{Jazayeri2015CurrBiol,
  title={A neural mechanism for sensing and reproducing a time interval},
  author={Jazayeri, Mehrdad and Shadlen, Michael N},
  journal={Current Biology},
  volume={25},
  number={20},
  pages={2599--2609},
  year={2015},
  publisher={Elsevier}
}
@article{Gavornik20009PNAS,
  title={Learning reward timing in cortex through reward dependent expression of synaptic plasticity},
  author={Gavornik, Jeffrey P and Shuler, Marshall G Hussain and Loewenstein, Yonatan and Bear, Mark F and Shouval, Harel Z},
  journal={Proceedings of the National Academy of Sciences},
  volume={106},
  number={16},
  pages={6826--6831},
  year={2009},
  publisher={National Acad Sciences}
}
@article{Perez2018JNeurosci,
  title={The synaptic properties of cells define the hallmarks of interval timing in a recurrent neural network},
  author={P{\'e}rez, Oswaldo and Merchant, Hugo},
  journal={Journal of Neuroscience},
  volume={38},
  number={17},
  pages={4186--4199},
  year={2018},
  publisher={Soc Neuroscience}
}
